
@INPROCEEDINGS{BDCATS,
  author={Patwary, Md. Mostofa Ali and Byna, Suren and Satish, Nadathur Rajagopalan and Sundaram, Narayanan and LukiÄ‡, Zarija and Roytershteyn, Vadim and Anderson, Michael J. and Yao, Yushu and Prabhat and Dubey, Pradeep},
  booktitle={SC '15: Proceedings of the International Conference for High Performance Computing, Networking, Storage and Analysis}, 
  title={BD-CATS: big data clustering at trillion particle scale}, 
  year={2015},
  volume={},
  number={},
  pages={1-12},
  doi={10.1145/2807591.2807616}
}




